# ejemplos de referencias
@inbook{software-engineering,
	author = {Ian Sommervile},
	title = {Software Engineering},
	bookTitle = {Software Engineering},
	year = 2016,
	publisher = {Springer International Publishing},
	isbn = {0-321-31379-8},
}

@misc{IoT,
  author       = {María Gracia},
  title        = {¿{Q}ué es {IoT} {(Internet Of Things)}?},
  howpublished = {\url{https://www2.deloitte.com/es/es/pages/technology/articles/IoT-internet-of-things.html}},
  booktitle    = {Deloitte Spain},
  language     = {es}
}



##  mis referencias:
    # introducción

@misc{gplv3,
    author       = {Free Software Foundation},
    title        = {{GNU} {G}eneral {P}ublic {L}icense},
    version      = {3},
	howpublished = {\url{http://www.gnu.org/licenses/gpl.html}},
    shorthand    = {GPL},
}
@misc{economía,
    author       = {RAE},
    title        = {economía | Definición | Diccionario de la lengua española | RAE - ASALE},
	howpublished = {\url{https://dle.rae.es/economía}},
}

@phdthesis{tesis-bienestar-financiero,
  title={Las finanzas personales y su relación con el bienestar financiero en los adultos del distrito de El Tambo - 2020},
  author={Anchiraico Gaspar, Emily Danae},
  year={2021},
  school={Universidad Continental - Facultad de Ciencias de la Empresa},
  howpublished = {\url{https://hdl.handle.net/20.500.12394/9888}},
}

@phdthesis{tesis-cultura-financiera,
  title={Cultura financiera y su influencia en el bienestar financiero de estudiantes},
  author={Miranda Flores de Huamancayo and Anali and Chunca Checca, Sonia},
  year={2023},
  school={Universidad Nacional Amaz{\'o}nica de Madre de Dios - Escuela de Contabilidad y Finanzas-UNAMAD},
  howpublished = {\url{https://repositorio.unamad.edu.pe/handle/20.500.14070/1146}},
}

@article{capituloIX,
  title={CAP{\'I}TULO IX: Bienestar financiero en los empleados a través de 
         la educación financiera en las organizaciones.},
  author={Mexia, G. and García, B. and Aranibar, M. and Pérez, M. },
  journal={Tendencias en la Investigación Universitaria, Una Visión
  desde Latinoamérica. Vol. XXIII. Fondo Editorial Universitario Servando
  Garcés.},
  year={2024},
  howpublished = {\url{https://www.researchgate.net/profile/Gabriela-Mexia-Pacheco/publication/384112991_VOL_XXIII-CAP_9-19-34/links/66eb376c6b101f6fa4f0ab2d/VOL-XXIII-CAP-9-19-34.pdf}},
}


    # estado del arte
@misc{articulo-bancos,
    title={Bancos españoles más grandes},
    author={Wikipedia},
    year ={2024},
    howpublished = {\url{https://es.wikipedia.org/wiki/Anexo:Bancos_de_Espa%C3%B1a}},
}

@misc{MyMonz,
    title={MyMonz, el nuevo servicio de la app para organizar tus gastos},
    author={imaginersGen S.A.},
    year={2024},
    howpublished = {\url{https://www.imagin.com/app/mymonz}},
}

@misc{retos,
    title={Reto del día: ahorrar para eso que te apetece},
    author={imaginersGen S.A.},
    year={2024},
    howpublished = {\url{https://www.imagin.com/ahorro/retos-ahorro }},
}

@misc{Santander,
    title={App Santander Particulares},
    author={Banco Santander, S.A.},
    year={2024},
    howpublished = {\url{https://www.bancosantander.es/particulares/banca-online/apps/santander}},
}

@misc{día,
    title={Mi día a día: control de gastos},
    author={Banco Bilbao Vizcaya Argentaria S.A.},
    year={2024},
    howpublished = {\url{https://www.bbva.es/personas/banca-online/control-gastos-mi-dia-a-dia.html}},
}

@misc{metas,
    title={Un pack con dos cuentas, una para tus gestiones diarias y otra para ahorrar},
    author={Banco Bilbao Vizcaya Argentaria S.A.},
    year={2024},
    howpublished = {\url{https://www.bbva.es/personas/productos/cuentas/cuenta-ahorro-metas.html#establece-tus-datos-de-contacto-y-acceso }},
}

@misc{Presupuestos,
    title={Presupuestos: Planifica fácilmente tus gastos mensuales.},
    author={Banco Bilbao Vizcaya Argentaria S.A.},
    year={2024},
    howpublished = {\url{https://www.bbva.es/general/salud-financiera/economia-domestica/gestor-de-gastos-y-presupuestos.html }},
}

@misc{Apartados,
    title={Apartados: una nueva forma de ahorrar},
    author={Banco Bilbao Vizcaya Argentaria S.A.},
    year={2024},
    howpublished = {\url{https://www.bbva.es/finanzas-vistazo/tu-guia-bbva/app/apartados-una-nueva-forma-de-ahorrar.html#:~:text=Apartados%2C%20de%20BBVA%2C%20es%20un,manera%20m%C3%A1s%20c%C3%B3moda%20y%20eficiente}},
}

@phdthesis{sevilla2024aplicacion,
  title={Aplicaci{\'o}n m{\'o}vil para fomentar la educaci{\'o}n financiera en las finanzas personales en los estudiantes de la PUCESA},
  author={Sevilla Borja, Kevin Pa{\'u}l},
  year={2024},
  school={Universidad Cat{\'o}lica del Ecuador. Sede Ambato},
  howpublished = {\url{https://repositorio.puce.edu.ec/items/327918b0-0a48-41ea-b1d9-7a6c226e0908/full}},
}

@article{ariza2024educacion,
  title={Educaci{\'o}n financiera y decisiones de inversi{\'o}n.},
  author={Ariza, Rolando},
  journal={Apuntes Empresariales, 3.},
  year={2024},
  publisher={Cartagena de Indias},
  howpublished= {\url{https://hdl.handle.net/20.500.12585/12686}}
}



% howpublished = {\url{}},